[gd_resource type="Theme" load_steps=12 format=3 uid="uid://tjlb3us5j7bk"]

[ext_resource type="Texture2D" uid="uid://qldui4iwtx33" path="res://resources/volume_grabber.png" id="1_b8kdw"]
[ext_resource type="FontFile" uid="uid://x46gklsdtv8a" path="res://resources/MODE7GX3.TTF" id="1_rk0gs"]

[sub_resource type="StyleBoxEmpty" id="StyleBoxEmpty_g2mcv"]

[sub_resource type="StyleBoxFlat" id="StyleBoxFlat_kwxx5"]
bg_color = Color(1, 1, 1, 1)

[sub_resource type="StyleBoxFlat" id="StyleBoxFlat_gqwdd"]
bg_color = Color(1, 1, 1, 1)

[sub_resource type="StyleBoxEmpty" id="StyleBoxEmpty_jfg0y"]

[sub_resource type="StyleBoxEmpty" id="StyleBoxEmpty_7dhok"]

[sub_resource type="StyleBoxEmpty" id="StyleBoxEmpty_waoxh"]

[sub_resource type="StyleBoxEmpty" id="StyleBoxEmpty_bwr22"]

[sub_resource type="StyleBoxFlat" id="StyleBoxFlat_to53m"]
content_margin_top = 2.0
bg_color = Color(0, 1, 0, 1)

[sub_resource type="StyleBoxFlat" id="StyleBoxFlat_8w5yr"]
bg_color = Color(0, 0, 0, 1)

[resource]
default_font = ExtResource("1_rk0gs")
BoxContainer/constants/separation = 0
Button/colors/font_focus_color = Color(0, 0, 0, 1)
Button/colors/font_hover_color = Color(0, 0, 0, 1)
Button/colors/font_hover_pressed_color = Color(0, 0, 0, 1)
Button/colors/font_pressed_color = Color(0, 0, 0, 1)
Button/styles/disabled = SubResource("StyleBoxEmpty_g2mcv")
Button/styles/focus = SubResource("StyleBoxFlat_kwxx5")
Button/styles/hover = SubResource("StyleBoxFlat_gqwdd")
Button/styles/normal = SubResource("StyleBoxEmpty_jfg0y")
Button/styles/pressed = SubResource("StyleBoxEmpty_7dhok")
HSlider/icons/grabber = ExtResource("1_b8kdw")
HSlider/icons/grabber_disabled = ExtResource("1_b8kdw")
HSlider/icons/grabber_highlight = ExtResource("1_b8kdw")
HSlider/styles/grabber_area = SubResource("StyleBoxEmpty_waoxh")
HSlider/styles/grabber_area_highlight = SubResource("StyleBoxEmpty_bwr22")
HSlider/styles/slider = SubResource("StyleBoxFlat_to53m")
Panel/styles/panel = SubResource("StyleBoxFlat_8w5yr")
